<?xml version="1.0" encoding="UTF-8"?><collection xmlns="http://www.loc.gov/MARC21/slim"><record><leader>00452nam--2200157-i-4500</leader><controlfield tag="001">000047954</controlfield><controlfield tag="002">20161230</controlfield><controlfield tag="005">20170110235015</controlfield><controlfield tag="008">060222s1000------------r-----000-0-eng-d</controlfield><datafield ind1=" " ind2=" " tag="080"><subfield code="a">539.1.07(016)</subfield></datafield><datafield ind1=" " ind2=" " tag="245"><subfield code="a">Wykaz literatury. Z zakresu przyrzadow i metod pomiarowych Fiziky Jadrowej (1956-1960)</subfield></datafield><datafield ind1=" " ind2=" " tag="260"><subfield code="a">Warszawa</subfield><subfield code="b">Centralna Biblioteka Nukleoniczna</subfield><subfield code="c">1961</subfield></datafield><datafield ind1=" " ind2=" " tag="300"><subfield code="a">99 p</subfield></datafield><datafield ind1=" " ind2=" " tag="500"><subfield code="a">01-25</subfield></datafield><datafield ind1=" " ind2=" " tag="852"><subfield code="a">D.1039</subfield></datafield><datafield ind1=" " ind2=" " tag="CAT"><subfield code="a">SYS</subfield><subfield code="c">20170110</subfield><subfield code="h">235015</subfield></datafield></record></collection>